@book{zorn,
  title={Linear functional analysis},
  author={Rynne, Bryan and Youngson, Martin A},
  year={2013},
  publisher={Springer Science \& Business Media}
}